@inproceedings{Soot,
    author = {Vall{\'e}e-Rai, Raja and Co, Phong and Gagnon, Etienne and Hendren, Laurie and Lam, Patrick and Sundaresan, Vijay},
    title = {Soot - a Java Bytecode Optimization Framework},
    booktitle = {Proceedings of the 1999 Conference of the Centre for Advanced Studies on Collaborative Research},
    series = {CASCON '99},
    year = {1999},
    location = {Mississauga, Ontario, Canada},
    pages = {13--},
    url = {http://dl.acm.org/citation.cfm?id=781995.782008},
    acmid = {782008},
    publisher = {IBM Press},
}

@inproceedings{Kildall:1973:UAG:512927.512945,
    author = {Kildall, Gary A.},
    title = {A Unified Approach to Global Program Optimization},
    booktitle = {Proceedings of the 1st Annual ACM SIGACT-SIGPLAN Symposium on Principles of Programming Languages},
    series = {POPL '73},
    year = {1973},
    location = {Boston, Massachusetts},
    pages = {194--206},
    numpages = {13},
    url = {http://doi.acm.org/10.1145/512927.512945},
    doi = {10.1145/512927.512945},
    acmid = {512945},
    publisher = {ACM},
    address = {New York, NY, USA},
}

@book{Principles,
    author = {Nielson, Flemming and Nielson, Hanne R. and Hankin, Chris},
    title = {Principles of Program Analysis},
    year = {2010},
    isbn = {3642084745, 9783642084744},
    publisher = {Springer Publishing Company, Incorporated},
}

@Misc{spa,
author =       {Anders M\o{}ller and Michael I. Schwartzbach},
title =        {Static Program Analysis},
year =         {2018},
month =        {October},
note =         {Department of Computer Science, Aarhus University,
\texttt{http://cs.au.dk/\~{}amoeller/spa/}},
}

@online{MIR,
  author = {Nicholas Matsakis},
  title = {Mid-level Intermediate Representation RFC},
  year = 2015,
  url = {https://github.com/rust-lang/rfcs/blob/master/text/1211-mir.md},
  urldate = {2019-5-13},
  note = {Available at https://github.com/rust-lang/rfcs/blob/master/text/1211-mir.md}
}